@book{WAMbook,
 author = {A\"{\i}t-Kaci, Hassan},
 title = {Warren's Abstract Machine: A Tutorial Reconstruction},
 year = {1991},
 isbn = {0-262-51058-8},
 publisher = {MIT Press},
 address = {Cambridge, MA, USA},
} 

@phdthesis{prologExec,
  author       = {Mark Andrew Friedman}, 
  title        = {A Characterization of Prolog Execution},
  school       = {University of Wisconsin-Madison},
  year         = 1992,
  note         = {\url{ftp://ftp.cs.wisc.edu/sohi/theses/friedman.pdf}},
}

@article{prologImple,
title = "Special Issue: Ten Years of Logic Programming 1983â€“1993: The wonder years of sequential Prolog implementation",
journal = "The Journal of Logic Programming",
volume = "19",
pages = "385 - 441",
year = "1994",
note = "",
issn = "0743-1066",
doi = "http://dx.doi.org/10.1016/0743-1066(94)90031-0",
url = "http://www.sciencedirect.com/science/article/pii/0743106694900310",
author = "Peter Van Roy",
}
